<record xmlns="http://www.loc.gov/MARC21/slim" xmlns:xsi="http://www.w3.org/2001/XMLSchema-instance" xsi:schemaLocation="http://www.loc.gov/MARC21/slim http://www.loc.gov/standards/marcxml/schema/MARC21slim.xsd"><leader>02941nam a2200469   4500</leader><controlfield tag="001">3072900</controlfield><controlfield tag="003">NNC</controlfield><controlfield tag="006">m        d        </controlfield><controlfield tag="007">cr cn |||m|||a</controlfield><controlfield tag="008">150110s1952    ua      od    000 0 ara d</controlfield><datafield ind1=" " ind2=" " tag="040"><subfield code="a">NNU</subfield><subfield code="b">eng</subfield><subfield code="e">rda</subfield><subfield code="c">NNU</subfield></datafield><datafield ind1=" " ind2="4" tag="050"><subfield code="a">PJ6175.A3</subfield><subfield code="b">K53 1952</subfield></datafield><datafield ind1="1" ind2=" " tag="100"><subfield code="6">880-01</subfield><subfield code="a">Khafa&#772;ji&#772;, Ah&#803;mad ibn Muh&#803;ammad,</subfield><subfield code="d">1571 or 1572-1659.</subfield></datafield><datafield ind1="1" ind2="0" tag="240"><subfield code="6">880-02</subfield><subfield code="a">Shifa&#772;&#700; al-ghali&#772;l fi&#772;ma&#772; fi&#772; kala&#772;m al-&#699;Arab min al-dakhi&#772;l</subfield></datafield><datafield ind1="1" ind2="0" tag="245"><subfield code="6">880-03</subfield><subfield code="a">Shifa&#772;&#700; al-ghali&#772;l fi&#772;ma&#772; fi&#772; kala&#772;m al-&#699;arab min al-dakhi&#772;l /</subfield><subfield code="c">li-Shaha&#772;b al-Di&#772;n Ah&#803;mad al-Khafa&#772;ji&#772; al-Mis&#803;ri&#772; ; tas&#803;h&#803;h&#803;i&#772;h&#803; wa-ta&#699;li&#772;q Muh&#803;ammad &#699;Abd al-Mun&#699;im Khafa&#772;ji&#772;.</subfield></datafield><datafield ind1=" " ind2=" " tag="250"><subfield code="6">880-04</subfield><subfield code="a">al-T&#803;ab&#699;ah 1.</subfield></datafield><datafield ind1=" " ind2=" " tag="260"><subfield code="6">880-05</subfield><subfield code="a">Mis&#803;r :</subfield><subfield code="b">Maktabat al-H&#803;aram al-H&#803;usayni&#772; al-Tija&#772;ri&#772;yah al-Kubra&#769;,</subfield><subfield code="c">1952.</subfield></datafield><datafield ind1=" " ind2=" " tag="300"><subfield code="a">online resource (335 pages)</subfield></datafield><datafield ind1=" " ind2=" " tag="336"><subfield code="a">text</subfield><subfield code="2">rdacontent</subfield></datafield><datafield ind1=" " ind2=" " tag="337"><subfield code="a">computer</subfield><subfield code="2">rdamedia</subfield></datafield><datafield ind1=" " ind2=" " tag="338"><subfield code="a">online resource</subfield><subfield code="2">rdacarrier</subfield></datafield><datafield ind1=" " ind2=" " tag="500"><subfield code="a">Part of the Arabic Collections Online (ACO) project, contributed by Columbia University Libraries.</subfield></datafield><datafield ind1=" " ind2=" " tag="533"><subfield code="a">Electronic reproduction.</subfield><subfield code="b">New York, N.Y. :</subfield><subfield code="c">New York University,</subfield><subfield code="d">2015.</subfield><subfield code="5">NNU</subfield></datafield><datafield ind1=" " ind2="0" tag="650"><subfield code="a">Arabic language</subfield><subfield code="x">Foreign words and phrases.</subfield></datafield><datafield ind1=" " ind2="0" tag="650"><subfield code="a">Arabic language</subfield><subfield code="x">Etymology</subfield><subfield code="v">Dictionaries.</subfield></datafield><datafield ind1=" " ind2="7" tag="650"><subfield code="a">Arabic language</subfield><subfield code="x">Etymology.</subfield><subfield code="2">fast</subfield><subfield code="0">(OCoLC)fst00812326</subfield></datafield><datafield ind1=" " ind2="7" tag="650"><subfield code="a">Arabic language</subfield><subfield code="x">Foreign words and phrases.</subfield><subfield code="2">fast</subfield><subfield code="0">(OCoLC)fst00812334</subfield></datafield><datafield ind1=" " ind2="7" tag="655"><subfield code="a">Dictionaries.</subfield><subfield code="2">fast</subfield><subfield code="0">(OCoLC)fst01423826</subfield></datafield><datafield ind1="1" ind2=" " tag="700"><subfield code="6">880-06</subfield><subfield code="a">Khafa&#772;ji&#772;, Muh&#803;ammad &#699;Abd al-Mun&#699;im,</subfield><subfield code="e">editor.</subfield></datafield><datafield ind1="2" ind2=" " tag="710"><subfield code="a">Columbia University.</subfield><subfield code="b">Libraries.</subfield></datafield><datafield ind1="0" ind2=" " tag="730"><subfield code="a">Arabic Collections Online.</subfield></datafield><datafield ind1="0" ind2="8" tag="776"><subfield code="i">Online version:</subfield><subfield code="a">Khafa&#772;ji&#772;, Ah&#803;mad ibn Muh&#803;ammad, 1571 or 2-1659.</subfield><subfield code="t">Shifa&#772;&#700; al-ghali&#772;l fi&#772;ma&#772; fi&#772; kala&#772;m al-&#699;arab min al-dakhi&#772;l.</subfield><subfield code="b">al-T&#803;ab&#699;ah 1.</subfield><subfield code="d">Mis&#803;r : Maktabat al-H&#803;aram al-H&#803;usayni&#772; al-Tija&#772;ri&#772;yah al-Kubra&#769;, 1952</subfield><subfield code="w">(OCoLC)582985154</subfield></datafield><datafield ind1="0" ind2="8" tag="776"><subfield code="i">Print version:</subfield><subfield code="a">Khafa&#772;ji&#772;, Ah&#803;mad ibn Muh&#803;ammad, 1571 or 1572-1659.</subfield><subfield code="t">Shifa&#772;&#700; al-ghali&#772;l fi&#772;ma&#772; fi&#772; kala&#772;m al-&#699;arab min al-dakhi&#772;l</subfield><subfield code="w">(NNC)3072900</subfield><subfield code="w">(OCoLC)34094598</subfield></datafield><datafield ind1="4" ind2="0" tag="856"><subfield code="u">http://hdl.handle.net/2333.1/g1jwswj0</subfield></datafield><datafield ind1="1" ind2=" " tag="880"><subfield code="6">100-01/r</subfield><subfield code="a">&#8207;&#1582;&#1601;&#1575;&#1580;&#1609;&#1548; &#1571;&#1581;&#1605;&#1583; &#1576;&#1606; &#1605;&#1581;&#1605;&#1583;.</subfield></datafield><datafield ind1="1" ind2="0" tag="880"><subfield code="6">240-02/r</subfield><subfield code="a">&#1588;&#1601;&#1575;&#1569; &#1575;&#1604;&#1594;&#1604;&#1610;&#1604; &#1601;&#1610;&#1605;&#1575; &#1601;&#1610; &#1603;&#1604;&#1575;&#1605; &#1575;&#1604;&#1593;&#1585;&#1576; &#1605;&#1606; &#1575;&#1604;&#1583;&#1582;&#1610;&#1604;</subfield></datafield><datafield ind1="1" ind2="0" tag="880"><subfield code="6">245-03/r</subfield><subfield code="a">&#8207;&#1588;&#1601;&#1575;&#1569; &#1575;&#1604;&#1594;&#1604;&#1610;&#1604; &#1601;&#1610;&#1605;&#1575; &#1601;&#1609; &#1603;&#1604;&#1575;&#1605; &#1575;&#1604;&#1593;&#1585;&#1576; &#1605;&#1606; &#1575;&#1604;&#1583;&#1582;&#1610;&#1604; /&#8207;</subfield><subfield code="c">&#8207;&#1604;&#1588;&#1607;&#1575;&#1576; &#1575;&#1604;&#1583;&#1610;&#1606; &#1571;&#1581;&#1605;&#1583; &#1575;&#1604;&#1582;&#1601;&#1575;&#1580;&#1609; &#1575;&#1604;&#1605;&#1589;&#1585;&#1610; &#1563; &#1578;&#1589;&#1581;&#1610;&#1581; &#1608;&#1578;&#1593;&#1604;&#1610;&#1602; &#1608;&#1605;&#1585;&#1575;&#1580;&#1593;&#1577; &#1605;&#1581;&#1605;&#1583; &#1593;&#1576;&#1583; &#1575;&#1604;&#1605;&#1606;&#1593;&#1605; &#1582;&#1601;&#1575;&#1580;&#1610;.</subfield></datafield><datafield ind1=" " ind2=" " tag="880"><subfield code="6">250-04/r</subfield><subfield code="a">&#8207;&#1575;&#1604;&#1591;&#1576;&#1593;&#1577; &#1633;.</subfield></datafield><datafield ind1=" " ind2=" " tag="880"><subfield code="6">260-05/r</subfield><subfield code="a">&#8207;&#1605;&#1589;&#1585; :&#8207;</subfield><subfield code="b">&#8207;&#1605;&#1603;&#1578;&#1576;&#1577; &#1575;&#1604;&#1581;&#1585;&#1605; &#1575;&#1604;&#1581;&#1587;&#1610;&#1606;&#1610; &#1575;&#1604;&#1578;&#1580;&#1575;&#1585;&#1610;&#1577; &#1575;&#1604;&#1603;&#1576;&#1585;&#1609;&#1548;&#8207;</subfield><subfield code="c">&#8207;&#1633;&#1641;&#1637;&#1634;.</subfield></datafield><datafield ind1="1" ind2=" " tag="880"><subfield code="6">700-06/r</subfield><subfield code="a">&#8207;&#1582;&#1601;&#1575;&#1580;&#1610;&#1548; &#1605;&#1581;&#1605;&#1583; &#1593;&#1576;&#1583; &#1575;&#1604;&#1605;&#1606;&#1593;&#1605;.</subfield></datafield><datafield ind1=" " ind2=" " tag="959"><subfield code="a">NNU</subfield><subfield code="b">WEB</subfield><subfield code="c">GENI</subfield><subfield code="t">0</subfield><subfield code="m">Electronic access</subfield><subfield code="s">01</subfield></datafield><datafield ind1=" " ind2=" " tag="999"><subfield code="i">NNC_3072900</subfield><subfield code="o">(OCoLC)34094598</subfield></datafield></record>